
@Article{li2016,
  author    = {Aangsheng Li and Yichen Pan},
  title     = {Structural Information and Dynamical Complexity of Networks},
  journal   = {IEEE Transactions on Information Theory},
  year      = {2016},
  volume    = {62},
  number    = {6},
  pages     = {3290-3339},
  month     = {June},
  issn      = {0018-9448},
  doi       = {10.1109/TIT.2016.2555904},
}
